@online{tronto_2019,
    author = "Sebastiano Tronto", 
    title = "Fewest Moves Tutorial, Solving a Rubikâ€™s Cube with as few moves as possible v.3.03", 
    url = "https://fmcsolves.cubing.net/fmc_tutorial_ENG.pdf", 
    urldate = "2022-11-17"      % This is the date we entered the page
}